@ARTICLE{nancay,
    AUTHOR="G. M. Rudnitskiĭ, M. I. Pashchenko and P. Colom",
    TITLE="{Polarization Observations  of Circumstellar OH Masers}",
    JOURNAL="ISSN 1063-7729, Astronomy Reports, 2010, Vol. 54, No. 5",
    YEAR="2010"
}

@ARTICLE{stokes,
    AUTHOR="Timothy Robishaw and Carl Heiles",
    TITLE="{The Measurement of Polarization in Radio Astronomy}",
    JOURNAL="arXiv:1806.07391 [astro-ph.IM]",
    YEAR="2018"
}
@ARTICLE{stokes-theory,
    AUTHOR="George Gabriel Stokes",
    TITLE="{On the Composition and Resolution of Streams of Polarized Light from different Sources}",
    JOURNAL="Transactions of the Cambridge Philosophical Society, Vol. 9, p.399",
    YEAR="1851"
}
@ARTICLE{kepler-elements,
    AUTHOR="Butkevich, Alexey G.",
    TITLE="{Proper Motion and Secular Variations
of Keplerian Orbital Elements}",
    JOURNAL="Frontiers in Astronomy and Space Sciences Vol. 5, p.18",
    YEAR="2018"
}

@ARTICLE{unbiased,
    AUTHOR="B. Winkel, A. Kraus and U. Bach",
    TITLE="{Unbiased flux calibration methods for spectral-line radio observations}",
    JOURNAL="arXiv:1203.0741 [astro-ph.IM]",
    YEAR="2012"
}

@ARTICLE{overlapping,
    AUTHOR="Gerhard Heinzel, Albrecht Rüdiger and Roland Schilling",
    TITLE="{Spectrum and spectral density estimation by the Discrete Fourier transform (DFT), including a comprehensive list of window functions and some new at-top windows}",
    JOURNAL="395068 [Max Planck Society]",
    YEAR="2018"
}


@ARTICLE{sdrspec,
    AUTHOR="M. Bleiders",
    TITLE="{USRP X300/310+TwinRX spectrometer progress v0.2}",
    JOURNAL="Projekta nodevums/tehniskā atskaite",
    YEAR="2018"
}






@ARTICLE{telescope-spec,
    AUTHOR="MT Mechatronics GmbH",
    TITLE="{USER MANUAL - RADIO TELESCOPES RT-16/RT-32, VENTSPILS}",
    JOURNAL="Tehniskā atskaite",
    YEAR="2016"
}

@ARTICLE{telescope-sefd,
    AUTHOR=" M. Bleiders, A. Bērziņš, N. Jēkabsons, K. Šķirmante and V. Bezrukovs",
    TITLE="{ Low-Cost L-Band Receiving System Front-End for Irbene RT-32 Cassegrain Radio Telescope}",
    JOURNAL="Latvian Journal of Physics and Technical Sciences Volume 56: Issue 3",
    YEAR="2008"
}

@ARTICLE{KLT,
    AUTHOR="Claudio Maccone",
    TITLE="{The KLT (Karhunen–Loève Transform) to extend SETI searches to broad-band and extremely feeble signals}",
    JOURNAL="Acta Astronautica Volume 67, Issues 11–12, December 2010, Pages 1427-1439",
    YEAR="2010"
}

@ARTICLE{atlas-article,
    AUTHOR="Man-To Hui, Quan-Zhi Ye",
    TITLE="{Observations of Disintegrating Long-Period Comet C/2019 Y4 (ATLAS) -- A Sibling of C/1844 Y1 (Great Comet)}",
    JOURNAL="arXiv:2004.10990 [astro-ph.EP]" ,
    YEAR="2020"
}

