
@MISC{dwt-fig,
      title = "Discrete wavelet transform reprezentation",
      month = "skatīts 20.08.2019.",
	  note= "File:DWT-fig.png",
      howpublished = "\url{https://upload.wikimedia.org/wikipedia/commons/2/22/Wavelets_-_Filter_Bank.png}",
}


@MISC{az-el-img,
      title = "Horizontal coordinate system reprezentation",
      month = "skatīts 18.05.2019.",
	  note= "File:az-el.png ",
      howpublished = "\url{https://commons.wikimedia.org/wiki/File:Azimut_altitude.svg}",
}


@MISC{vlsr,
      title = "{Calculation of Doppler effect for astronomical maser observations outside solar system}",
      month = "skatīts 12.02.2020.",
      howpublished = "\url{https://github.com/sklandrausis/DataProcessingForMaserObservation/blob/master/src/vlsr.py}",
}

@MISC{horizons,
      title = "{NASA HORIZONS system}",
      month = "skatīts 19.11.2019",
      howpublished = "\url{https://ssd.jpl.nasa.gov/horizons_batch.cgi}",
}


@MISC{pywt,
      
      title = "{PyWavelets library documentation}",
      month = "skatīts 20.08.2019.",
      howpublished = "\url{https://pywavelets.readthedocs.io/en/latest/}",
}


@MISC{spectral-lines,
      title = "{Internation Astronomical Union defined list of important spectral lines}",
      month = "skatīts 10.07.2019.",
      howpublished = "\url{http://www.astrosurf.com/luxorion/radioastronomy-lines.htm}",
}

@MISC{numpy-fft,
      title = "{Numpy library documentation}",
      month = "skatīts 15.07.2019.",
      howpublished = "\url{https://numpy.org/doc/stable/reference/generated/numpy.fft.fft.html#numpy.fft.fft}",
}

@MISC{mpi-docs,
      title = "{Mpi4py library documentation}",
      month = "skatīts 08.02.2020.",
      howpublished = "\url{https://mpi4py.readthedocs.io/en/stable/}",
}
@MISC{savgol,
      title = "{Scipy implementation of Savgol filter}",
      month = "skatīts 04.02.2020.",
      howpublished = "\url{https://docs.scipy.org/doc/scipy-0.16.1/reference/generated/scipy.signal.savgol_filter.html}",
}
@MISC{butterworth,
      title = "{Scipy implementation of Butterworth filter}",
      month = "skatīts 04.02.2020.",
      howpublished = "\url{https://docs.scipy.org/doc/scipy-0.14.0/reference/generated/scipy.signal.butter.html}",
}


@MISC{blackman-harris,
      title = "{Spectral Audio Signal Processing free books, Blackman-Hariss window family}",
      month = "skatīts  11.03.2020.",
      howpublished = "\url{https://www.dsprelated.com/freebooks/sasp/Blackman_Harris_Window_Family.html}",
}


@MISC{scipy-blackman,
      title = "{Scipy implementation of Blackman-Harris function}",
      month = "skatīts  11.03.2020.",
      howpublished = "\url{https://docs.scipy.org/doc/scipy-0.14.0/reference/generated/scipy.signal.blackmanharris.html}",
}
@MISC{matplotlib,
      title = "Documentation of Matplotlib library",
      month = "skatīts 15.07.2019",
      howpublished = "\url{https://matplotlib.org/}",
}
@MISC{loess,
      title = "Statsmodels implementation of LOESS function",
      month = "skatīts 04.02.2020.",
      howpublished = "\url{https://www.statsmodels.org/stable/generated/statsmodels.nonparametric.smoothers_lowess.lowess.html}",
}
@MISC{atlas-frag,
      title = "{Observation information for ATLAS C/2019 Y4}",
      month = "skatīts 20.04.2020.",
      howpublished = "\url{http://astro.vanbuitenen.nl/comet/2019Y4}",
}

@MISC{fieldsystem,
      title = "{Fieldsystem documentation by NASA}",
      month = "skatīts 01.11.2019.",
      note= "Pieejama tikai arhivēta lapas versija",
      howpublished ="\url{https://web.archive.org/web/20161203064328/https://lupus.gsfc.nasa.gov/software_fs_main.htm}",
}


@MISC{swan-disc,
      title = "{Minor Planet Center discovery of SWAN C/2020 F8}",
      month = "skatīts 15.04.2020.",
      howpublished = "\url{https://minorplanetcenter.net/mpec/K20/K20G94.html}",
}
@MISC{hyperfine,
      title = "{Source code of hyperfine package for Linux}",
      month = "skatīts 18.02.2020.",
      howpublished = "\url{https://github.com/sharkdp/hyperfine}",
}


@MISC{overlapping-img,
      title= "{Reprezentation of FFT overlap percentage}",
      month = "skatīts 02.12.2019.",
      note= "File:OVERLAP2.png",
      howpublished = "\url{https://www.spectraplus.com/DT_help/overlap_percentage.htm}",
}